@misc{expressjs,
  title  = {Express Application Generator},
  author = {{Express.js}},
  year   = {2024},
  url    = {https://expressjs.com/en/starter/generator.html},
  note   = {Accessed: 2024-06-25}
}

@misc{sequelize,
  title  = {Getting Started with Sequelize},
  author = {{Sequelize Documentation}},
  year   = {2024},
  url    = {https://sequelize.org/docs/v6/getting-started/},
  note   = {Accessed: 2024-06-29}
}

@misc{pettiboy2024,
  author = {Pettiboy},
  title  = {Transforming your React App into a PWA: A Comprehensive Guide},
  year   = {2024},
  url    = {https://dev.to/pettiboy/transforming-your-react-app-into-a-pwa-a-comprehensive-guide-59hk},
  note   = {Accessed: 2024-07-16}
}


@misc{create-react-app,
  title  = {Adding Development Environment Variables in .env},
  author = {{Create React App Documentation}},
  year   = {2024},
  url    = {https://create-react-app.dev/docs/adding-custom-environment-variables/#adding-development-environment-variables-in-env},
  note   = {Accessed: 2024-07-20}
}
